<collection xmlns="http://www.loc.gov/MARC21/slim">
<record>
  <leader>00852nam0a22001931i 450 </leader>
  <controlfield tag="001">IT\ICCU\CNCE\076380</controlfield>
  <controlfield tag="005">20110830000000.0</controlfield>
  <datafield tag="012" ind1=" " ind2=" ">
    <subfield code="a">laa- p.os nsfa deru (C) 1501 (Q)</subfield>
    <subfield code="2">fei</subfield>
  </datafield>
  <datafield tag="100" ind1=" " ind2=" ">
    <subfield code="a">20110826f1501        0itac0103    ba</subfield>
  </datafield>
  <datafield tag="101" ind1=" " ind2=" ">
    <subfield code="a">LAT</subfield>
  </datafield>
  <datafield tag="102" ind1=" " ind2=" ">
    <subfield code="a">IT</subfield>
  </datafield>
  <datafield tag="200" ind1="1" ind2=" ">
    <subfield code="a">Patri. et patric. Venet. opt. R.D.N. Lyppomano: prot. numm. M. Phernus. M ...</subfield>
  </datafield>
  <datafield tag="210" ind1=" " ind2=" ">
    <subfield code="d">\1501!</subfield>
  </datafield>
  <datafield tag="215" ind1=" " ind2=" ">
    <subfield code="a">\6! c</subfield>
  </datafield>
  <datafield tag="300" ind1=" " ind2=" ">
    <subfield code="a">Potrebbe essere un incunaboloTit. dall&apos;intit. -  Epistola probabilmente stampata a Roma da Johann Besicken nel 1501, cfr. BML (Italy), 33. -  Segn.: áœ. -  A c. a3r: Ad sanctiss. Alex. 6. pon. maxx.:. M. Antonii Ticinensis.:. ar. et sac. theol. doc. in Aduent. dom. 2. 1500. oratio</subfield>
  </datafield>
  <datafield tag="620" ind1=" " ind2=" ">
    <subfield code="a">IT</subfield>
    <subfield code="d">Roma</subfield>
  </datafield>
  <datafield tag="712" ind1="0" ind2="0">
    <subfield code="a">Besicken, Johann</subfield>
    <subfield code="3">IT\ICCU\CNCT\000511</subfield>
    <subfield code="4">650</subfield>
  </datafield>
  <datafield tag="801" ind1=" " ind2="3">
    <subfield code="a">IT</subfield>
    <subfield code="b">ICCU</subfield>
    <subfield code="c">20201115</subfield>
  </datafield>
  <datafield tag="899" ind1=" " ind2=" ">
    <subfield code="a">Biblioteca Casanatense. Roma</subfield>
    <subfield code="1">RM0313</subfield>
    <subfield code="2">RML 07</subfield>
  </datafield>
</record>
</collection>
